@article{sort,
    author = {Can, Ahmet and Bhargava, Bharat},
    year = {2013},
    month = {01},
    pages = {14-27},
    title = {SORT: A Self-ORganizing Trust Model for Peer-to-peer Systems *},
    volume = {10},
    journal = {Dependable and Secure Computing, IEEE Transactions on},
    doi = {10.1109/TDSC.2012.74}
}

@online{torauth,
    author = "Tommy - Tor Project",
    title = "Introducing Bastet, Our New Directory Authority",
    url  = "https://blog.torproject.org/introducing-bastet-our-new-directory-authority/",
    addendum = "(accessed: 26.03.2022)"
}

@online{nl,
    author = "Bc. Martin Å˜epa",
    title = "TODO",
    url  = "https://tobedone.com",
    addendum = "(accessed: 26.03.2022)"
}